2622 4596
250 189 312 258 226
507 208 562 254 nn
596 201 974 259 sccssslourn'us

334 363 373 430 ln
396 363 595 428 editionibus
620 369 734 427 tertiae
767 370 881 436 aetatis
890 361 965 448 (ab
984 385 1015 426 a
1030 311 1141 443 1545)
1162 364 1250 430 idein

250 469 408 534 articulus
437 473 529 531 varic
559 471 771 532 immutatus
787 479 818 530 ιι
840 467 1038 532 retractatus
1066 467 1251 552 deprehen

195 575 348 648 ⁵-rlitur
391 570 562 654 Integsum
593 582 649 632 aut
651 591 705 634 ern
735 577 901 650 sistimus,
930 583 968 634 ut
991 575 1134 638 incdit
1157 571 1253 637 Vite

192 669 196 676 ¹
245 678 342 762 be1·g.‘
362 697 390 738 a.
417 673 509 760 1595.
523 674 562 754 ·8,
583 677 628 760 pl
641 669 827 760 boue—413
850 659 1039 760 expressus
1057 675 1191 761 legitur.

550 831 613 912 ¹De
627 845 633 852 ·
649 823 749 888 coena'
762 832 766 842 ¹
784 830 923 894 Domini.

315 949 395 1015 Saepe
412 930 508 1028 dicturi
526 957 578 1007 est,
604 949 658 996 sino
645 947 732 1014 gulare
751 958 776 996 et
794 949 881 1014 ingens
900 949 949 1002 Dei
967 941 1134 1003 beneficium
1134 967 1203 1016 esse,
1226 962 1250 999 et
1283 1010 1288 1019 Ι

245 1037 454 1091 admirabilius'
447 1052 501 1122 apsa
519 1035 644 1083 creatione
662 1051 765 1094 rerum,
788 1034 857 1100 quod
880 1035 949 1086 Deus
967 1055 993 1086 se
1010 1039 1127 1114 patefecit
1143 1036 1249 1087 brunano

245 1121 332 1194 generi
352 1123 427 1171 certis
447 1115 472 1169 ει
492 1119 634 1168 illustribus
653 1113 833 1184 testimoniis,
846 1133 871 1170 et
892 1121 1075 1173 voluntatem
1069 1141 1141 1188 suem
1159 1115 1193 1172 de
1212 1131 1255 1174 sa-'

244 1211 298 1260 lute
316 1221 403 1259 nostra
420 1207 519 1255 traditIs
539 1205 613 1254 cleris
630 1190 840 1272 promissionibus
858 1187 936 1258 riobis
952 1201 1096 1274 declaravit,
1118 1223 1143 1258 et
1163 1193 1248 1258 harum

191 1339 193 1344 ,
244 1289 440 1364 promissionum
457 1310 517 1342 voce
527 1282 666 1342 Ecclesiam
686 1293 733 1340 sib'i
752 1283 811 1342 inde
830 1311 908 1358 usqne
926 1295 981 1344 ab'
975 1285 1047 1345 initio
1065 1307 1124 1360 post
1140 1307 1249 1360 receptos

237 1375 340 1449 “primos
360 1390 475 1446 parentes
503 1369 633 1438 condidit,
658 1389 683 1426 et
708 1370 821 1446 collegit.
855 1369 925 1428 Haec
939 1383 1001 1452 ipsa
1019 1382 1152 1448 patefactio
1172 1383 1249 1430 mani-

244 1469 306 1516 feste
325 1466 451 1516 convincit
469 1477 566 1516 nostras
586 1475 697 1526 mentes,
716 1477 745 1514 ιιι
760 1477 870 1514 statuere
891 1479 1021 1532 cogantur,
1041 1485 1086 1516 nos
1104 1462 1163 1518 Deo
1180 1485 1250 1516 curae

210 1578 216 1591 ·
245 1571 311 1616 esse,
336 1563 362 1600 et
387 1552 418 1600 ab
438 1568 467 1604 eo
487 1549 584 1616 respici.
618 1547 820 1600 ideo-historiae
840 1541 926 1616 omdes
948 1546 1162 1618 patefactionum',
1191 1571 1249 1618 quse

243 1625 351 1705 scriptae
375 1650 447 1698 sunt,
471 1654 542 1702 saepe
567 1639 725 1703 cogitentur,
751 1649 779 1686 ut
806 1652 864 1686 curn
888 1627 972 1704 lapsos
998 1621 1101 1706 ¹primos
1136 1652 1249 1706 parentes

195 1775 197 1782 .
241 1725 319 1778 Deus,
332 1724 441 1790 recepit,
460 1734 485 1771 et
497 1707 612 1788 sprimam
630 1717 822 1786 promissionem
843 1723 930 1788 edidit,
948 1742 1005 1774 cum
1026 1725 1095 1776 Noae
1114 1721 1249 1786 mandavit,

243 1824 273 1862 ιιι
289 1807 381 1873 Arcam
409 1808 544 1870 conderet,
569 1824 626 1855 cum
650 1807 768 1857 Abrabae
797 1811 992 1878 promissionem
1017 1830 1109 1876 novam
1139 1808 1249 1872 tradidit,

243 1916 301 1948 cum
321 1889 446 1963 populum
466 1913 497 1944 ex
519 1884 755 1960 Aegypto'ednxit,
785 1905 810 1942 et
829 1889 954 1968 lice-lisine
973 1914 1030 1964 suae
1047 1910 1146 1948 certum
1166 1898 1249 1948 domi·

242 1985 345 2043 cilium,
363 1993 391 2030 ut
408 1976 442 2030 ita
460 1979 556 2052 dicam,
577 1992 602 2028 et
622 1992 715 2030 certam
733 1979 819 2029 sedem
836 1971 921 2044 dedit,
940 1999 998 2032 curn
1018 1975 1087 2033 misit
1104 1981 1248 2052 Prophetas,

177 2077 190 2098 ⁸
227 2080 271 2121 'ac
290 2066 400 2134 denique
420 2061 501 2116 tilium
519 2055 659 2120 Dominum
677 2077 794 2116 nostrum
813 2063 899 2115 Jrsum
925 2061 1069 2131 Christum,
1092 2082 1119 2120 et
1142 2073 1248 2122 resusci-

169 2219 173 2224 .
241 2159 336 2229 tatione
354 2165 535 2215 mortuorum,
561 2164 586 2207 ct
612 2154 668 2202 aliis
695 2153 823 2202 miraculis
848 2151 984 2203 declaravit
999 2172 1059 2206 vere
1077 2145 1171 2208 s'Deo
1189 2160 1247 2208 mis-

241 2260 282 2294 sos
306 2259 369 2291 esse.
459 2279 468 2303 ,
793 2247 798 2251 '

310 2327 415 2394 Quoties
434 2328 519 2376 sutem
538 2325 566 2374 fit
584 2320 678 2376 mentio
697 2321 899 2406 promissionum,
918 2337 944 2382 et
960 2327 1075 2378 conditae
1094 2346 1140 2378 seu
1153 2332 1247 2380 instau-

169 2421 171 2427 ‘
242 2427 310 2464 ratae
330 2408 464 2472 Ecclesiae,
494 2413 571 2461 simul
591 2405 732 2461 consideres
751 2432 764 2461 a
784 2410 840 2460 Deo
858 2379 945 2461 addite
964 2409 1108 2466 'testimonia
1127 2417 1247 2480 quaedam

242 2501 397 2550 incurrentia
416 2501 442 2566 in
459 2499 561 2558 oculos,
582 2516 645 2562 qnae
664 2510 745 2548 essent
763 2497 834 2561 quasi
854 2495 983 2567 utpays'dsg
995 2497 1206 2567 promissionum.

309 2581 343 2634 Et
362 2597 412 2635 tres
431 2603 528 2634 caussae
554 2597 658 2660 magnae
681 2603 711 2634 ec
735 2585 881 2648 praecipuae
906 2597 981 2645 sunt,
1011 2599 1055 2635 cur
1084 2589 1127 2638 illi
1153 2591 1246 2639 externi

240 2655 302 2724 ritus
322 2663 403 2724 additi
422 2674 473 2720 sint
489 2665 659 2735 promissionis
678 2661 806 2728 Prima,
813 2683 843 2719 ιιι
861 2671 981 2734 privatim
1006 2675 1248 2726 commonefacerent

161 2815 164 2822 ¹
241 2771 340 2810 utentes
360 2757 392 2806 de
408 2758 575 2824 promissione
593 2755 667 2805 etde
684 2759 811 2806 voluntate
830 2748 885 2804 Dei
899 2774 959 2824 erga
977 2777 1036 2820 nos,
1056 2772 1133 2826 atque
1151 2766 1186 2812 ita
1201 2782 1247 2830 per

241 2864 270 2896 ea
288 2845 373 2895 tides
367 2863 394 2893 ιιι
414 2839 486 2892 nobis
506 2861 548 2892 ero
535 2862 566 2910 a
586 2843 671 2892 Deum
687 2845 840 2891 excitaretur
861 2854 886 2890 et
915 2841 1119 2898 confirmaretur

309 2919 425 2980 Secunda
443 2946 524 2992 caussa
542 2931 590 2979 snit
610 2931 635 2977 e't
654 2940 700 2991 est,
716 2937 745 2978 ut
761 2921 883 2980 memoria
903 2929 1005 2994 publice
1019 2923 1162 2985 durabilior
1176 2949 1245 2998 esset,

241 3029 267 3070 et
285 3009 426 3084 propagari
438 3016 472 3064 ad
489 3033 590 3068 omnem
609 3017 782 3082 posteritatem
799 3009 933 3080 promissio
953 3013 1043 3066 certius
1062 3032 1157 3084 posset.
1182 3023 1248 3074 Nam

205 3095 208 3103 ¹
241 3106 304 3156 ritus
324 3105 479 3151 incurrentes
497 3104 523 3150 in
542 3103 628 3151 oculos
645 3113 704 3151 sunt
721 3093 909 3164 diuturniores,
933 3113 961 3150 ut
986 3101 1099 3154 videmus
1125 3107 1246 3159 Etlmicas

240 3194 316 3242 etiam
340 3190 475 3239 retinuisse
496 3189 558 3237 r'rtus
587 3199 702 3254 acceptos
729 3207 743 3236 s
761 3185 877 3237 Patribus
894 3189 984 3236 amissa
1002 3188 1116 3241 doctrina
1131 3191 1246 3257 Petrum,

240 3293 303 3346 quos
329 3269 393 3325 ritus
419 3286 503 3322 tamen
527 3285 710 3340 corruperunt,
744 3291 801 3324 cum
826 3264 932 3323 subinde
961 3291 1037 3325 noras
1063 3279 1196 3342 opiniones
1222 3293 1246 3329 et

162 3359 165 3368 ¹
238 3380 323 3462 nupt
329 3359 400 3410 idola
425 3363 477 3426 fing
462 3371 557 3408 oerent.
592 3358 726 3410 Caeterum
749 3347 907 3410 manifestum
933 3373 983 3424 est,
1009 3364 1072 3412 ritus
1096 3364 1129 3414 ad
1145 3379 1247 3416 memo·

219 3450 305 3499 ,riam
329 3458 355 3497 et
377 3435 583 3521 propagationem
606 3445 754 3496 conducere.
777 3443 822 3494 Et
846 3445 921 3494 multi
948 3449 1010 3496 ritus
1026 3449 1166 3514 pinxerunt
1182 3469 1246 3518 pro-

239 3515 383 3598 missiones,
412 3543 441 3581 ιιι
466 3531 622 3582 circumcisio
648 3533 798 3583 admonebat
823 3531 953 3582 Abraham
972 3545 998 3582 et
1014 3547 1128 3601 posteros
1145 3532 1180 3587 de
1196 3535 1246 3588 Se-

239 3624 317 3674 mine.
350 3619 468 3707 Mactatio
492 3620 652 3700 vicn'msrum
678 3619 830 3670 admonebat
858 3621 941 3685 pbtres
966 3617 1008 3670 de
1029 3633 1113 3673 morte
1144 3627 1245 3676 venturi

237 3707 353 3761 Domini.

309 3795 396 3844 Tertia
413 3807 497 3842 carnea
522 3793 570 3842 fuit
593 3803 619 3842 et
637 3803 689 3853 est,
706 3801 735 3840 ut
752 3762 818 3842 ritns‘
831 3791 872 3840 illi
891 3767 973 3864 essent
991 3797 1063 3845 nervi
1081 3796 1246 3862 publicorum

239 3897 426 3950 congressuum.
478 3878 542 3929 Vult
564 3879 631 3927 enim
655 3877 724 3928 Deus
749 3875 937 3928 ministerium
949 3879 1082 3950 Evangelii
1112 3883 1246 3950 publicum

158 3981 160 3986 ’
238 3987 306 4029 esse,
332 3985 384 4018 ιιοιι
401 3966 482 4019 vult
476 3983 503 4015 m
521 3963 642 4026 latebris,
667 3975 696 4013 ut
723 3962 865 4026 Eleusinia,
889 3977 990 4016 tantiam
1015 3970 1095 4018 teneri
1120 3970 1245 4019 inclinans

238 4053 372 4122 Evangelii
394 4067 497 4118 rocem,
517 4048 575 4112 'red‘
594 4049 706 4103 exaudiri
728 4067 783 4104 sem
806 4052 863 4104 vult
876 4070 900 4110 ,ι
924 4063 978 4103 toto
1001 4072 1095 4122 genere
1122 4055 1246 4118 humma,

253 4195 277 4208 q
