2664 4592
240 247 311 322 ιιι
498 255 556 322 un'
593 235 1031 328 accossr'oursu'sn

238 426 336 497 phora.
363 425 415 480 Sed
437 431 518 480 sentio
541 425 672 487 Christum
694 445 753 482 vere
778 429 864 482 adessa
887 425 1051 485 Sa'c'namento
1074 445 1134 491 suo,
1159 441 1188 482 et
1204 429 1243 481 lbi

236 515 362 578 efficacem
376 533 438 566 esse.
447 505 545 568 Sicut
558 515 734 570 aitffilarius:
753 535 823 590 pm
841 531 950 588 rurnpta
964 531 992 573 et
1009 515 1107 574 Ιιᾰιιιιι
1115 513 1250 590 [ιιιιίιιιι.Δ
1315 507 1317 516 ’

181 649 184 664 ,
235 612 268 654 ιιι
289 588 414 657 Christus
432 603 469 656 sit
486 603 516 655 in
533 601 629 662 nubit.
647 614 675 657 at
693 619 745 658 nos
763 603 801 656 ia
815 601 931 660 Christo.
965 603 1000 656 Et
1023 603 1162 673 Cyrillus'
1155 605 1244 670 inquit

235 689 263 738 in
277 688 372 749 Johan,
389 689 453 756 Cap·
472 687 524 740 ι5.ῑ
549 686 624 741 Unde
641 687 854 745 considerandum
870 704 924 756 cst,
953 709 1005 742 non
1017 673 1185 742 habitudine
1194 707 1244 738 so·-

234 775 298 836 lum,
317 773 382 840 quae
400 775 597 843 per'caritatern'
613 775 777 843 intelligitur,
796 774 929 828 Christum
946 779 973 827 in
985 777 1131 838 nobiseum,
1148 789 1242 836 rernm

226 851 311 928 ,etiam
333 861 527 930 participatione
552 859 673 912 naturali.
723 847 820 912 Mirum
849 863 964 931 profecto
989 875 1014 916 et
1035 848 1241 932 ingens-pignus

232 949 326 1018 stammi
343 949 437 997 amoris
455 965 513 1015 erga
530 951 577 997 nos
593 964 705 999 summae
721 947 914 1010 misericordiae,
930 948 1001 1014 quod
1013 936 1075 1001 haec
1091 951 1145 1028 ipsa
1158 966 1240 1002 coena

232 1047 356 1086 testatum
387 1033 458 1095 uult,
491 1031 563 1099 quod
587 1051 615 1083 sc
643 1032 823 1100 ipsum'uobis
847 1034 991 1112 impertiat,
1025 1035 1096 1100 quod
1123 1053 1171 1085 nos
1188 1034 1240 1084 sibi

231 1117 353 1190 adjungat
378 1125 500 1185 tanquam
521 1119 648 1181 membra,
667 1122 825 1186 ,ut'sciamus
842 1139 888 1171 nos
913 1121 946 1172 ab
970 1140 1001 1172 eo
1024 1121 1112 1190 diligi,
1138 1122 1240 1190 respici,

222 1185 334 1264 ¹seruari.
367 1205 408 1261 lta
432 1219 530 1260 mentes
553 1219 670 1261 statuunt
695 1205 826 1274 Christum
859 1200 983 1257 cllicacent
1015 1209 1042 1259 in
1074 1207 1161 1258 nobis*
1176 1222 1240 1262 esse.

160 1283 179 1348 .'
229 1294 300 1346 ilaec
316 1293 455 1361 diligenter
471 1305 576 1347 monent
592 1305 688 1344 veteres
705 1293 862 1366 Scriptores,
887 1295 988 1360 quoties
1004 1285 1188 1352 concionantur
1205 1291 1239 1343 de

228 1381 404 1433 sacramento.
467 1413 469 1418 ,
1202 1445 1204 1450 Ι

280 1461 405 1517 ¹Utinam
430 1455 503 1530 buius
525 1465 592 1517 tanti
617 1467 729 1516 muneris
752 1465 953 1534 magnitudinem
977 1469 1063 1519 animo
1085 1467 1188 1530 metiri,
1210 1477 1239 1518 ct

139 1553 140 1564 ¹
228 1547 395 1618 contemplari
413 1550 572 1612 disceremus,
595 1565 625 1608 ut
643 1554 710 1621 grati
728 1569 845 1614 essemus,
863 1570 888 1608 ιι
906 1555 967 1605 cum'
981 1553 1058 1604 fldem
1071 1553 1237 1622 erigeremus,

228 1655 286 1692 tum
308 1657 368 1689 vero
390 1653 609 1706 expavesceremus
632 1639 710 1688 etiam
734 1651 761 1690 et
784 1639 970 1706 cogitaremus,
994 1649 1121 1704 qnantum
1138 1639 1238 1693 habeat

202 1759 204 1766 ·
226 1723 403 1794 ingratitudo
404 1723 521 1781 sceleris,
546 1741 623 1788 quam
647 1722 784 1774 horribiles
810 1741 905 1792 poenae
923 1723 1017 1804 abusus
1042 1723 1191 1778 manifestos
1207 1739 1236 1778 et

106 1805 113 1814 ’
162 1813 165 1818 ’
226 1809 456 1910 prophanationem
471 1805 692 1875 (profanationem)
710 1821 841 1864 secuturae
865 1809 925 1862 sint
959 1809 1013 1860 Nec
1035 1808 1236 1870 existimandum
1323 1875 1324 1880 ¹

226 1913 279 1960 est,
306 1897 387 1946 minas
405 1894 464 1945 illas
482 1894 656 1962 gravissimas,
680 1905 745 1960 quac
762 1881 822 1946 suht
840 1892 909 1963 apud
926 1881 1051 1956 Paulum,
1068 1896 1154 1952 irritas
1170 1913 1233 1958 ιιιι,
1323 1911 1324 1926 ¹

224 2001 326 2054 semper
341 1982 414 2034 Deus
429 1981 509 2034 ctiam
526 1981 553 2030 iu
570 1981 618 2033 hac
634 1981 687 2031 vita
704 1981 802 2048 magnis
820 1981 1009 2037 calamitatibus
1026 1978 1127 2071 punivit
1142 1981 1232 2032 idola

225 2074 311 2126 triam
345 2071 431 2136 Quare
448 2066 573 2127 arbitror,
590 2068 742 2116 maximam
740 2080 844 2135 partem
861 2065 1024 2135 publicorum
1042 2056 1173 2124 malorum
1191 2067 1232 2123 hn

224 2158 362 2228 postremis
379 2153 546 2222 temporibus
554 2151 731 2220 imputandam
749 2171 801 2204 esse
818 2155 967 2204 sanctissimi
985 2153 1095 2205 muncrls
1114 2154 1232 2222 propha-

224 2245 323 2297 nationi
342 2239 538 2312 (profanationi).
573 2237 626 2288 Sed
642 2240 670 2289 in
688 2251 801 2292 extremo
817 2239 911 2305 judicio
927 2255 987 2291 cunt
1004 2240 1119 2306 impietas
1138 2239 1230 2291 mundi

138 2335 141 2349 '
223 2323 320 2390 retecta¹
335 2329 421 2402 palam
437 2326 613 2393 consplcietur‚
629 2324 788 2392 praebebunt
805 2325 832 2379 hi
844 2325 939 2382 abusus
954 2324 1111 2377 horrendum
1126 2341 1230 2394 specta·

224 2411 333 2478 culum,
345 2430 371 2468 et
388 2411 527 2483 pupientur
543 2405 620 2480 longa
637 2411 805 2463 atrocioribus
822 2415 925 2482 poenis,
944 2429 1006 2478 quas
1021 2411 1097 2468 nulla
1114 2429 1162 2460 vox
1173 2411 1228 2464 hur-t

223 2524 298 2560 mana
317 2503 404 2568 eloqui
421 2510 514 2570 potest.
547 2497 610 2564 Legi
634 2499 755 2567 scriptam
779 2513 837 2550 ante
855 2515 933 2580 annos
951 2483 1071 2552 duc‘entos
1089 2499 1125 2566 pii
1141 2499 1229 2562 cujus·
1322 2519 1323 2526 ¹

223 2593 284 2646 elam
297 2588 410 2642 ,hominis
427 2585 564 2645 lusionem,
582 2584 623 2635 cui
640 2584 759 2648 apparuit
776 2583 893 2634 Christus
910 2584 982 2636 velut
998 2584 1124 2635 laceratus
1137 2585 1229 2652 flagel-

126 2717 128 2724 ,
222 2681 267 2741 lia,
285 2677 377 2750 plenus
394 2673 532 2726 vulnerum
548 2681 574 2721 et
591 2669 688 2723 cruoris
710 2671 836 2720 manantis
859 2687 905 2736 per
929 2681 1015 2722 totum
1039 2685 1139 2738 corpus.
1172 2671 1229 2722 Hae

133 2817 136 2836 2
221 2768 304 2837 specle
341 2757 533 2829 perterrefactus
573 2754 651 2806 homo
683 2757 809 2825 primum,
826 2767 853 2806 et
881 2758 1051 2816 exanimatus,
1089 2765 1227 2824 postquam

135 2864 137 2868 ’
221 2858 315 2907 iterum
332 2866 358 2899 se
375 2845 484 2914 colligit,
501 2845 614 2914 agnoscit
636 2843 771 2911 significari
794 2840 925 2910 singulare
950 2860 1030 2910 genus
1047 2843 1227 2906 contumeliae,
1321 2893 1322 2896 ,

222 2957 274 3007 quo
305 2935 422 2986 Christus
448 2931 577 2982 afficiatur.
612 2927 730 2996 Cumque
753 2930 908 2997 interrogat,
938 2926 1008 2994 quid'
1028 2917 1089 2980 baec
1119 2929 1227 2982 vulnera

220 3023 356 3098 praecipue
381 3013 542 3088 significent?
558 3013 697 3086 respondet
713 3013 845 3076 Christus,
876 3015 912 3065 sio
934 3015 1040 3066 lacerari
1064 3031 1091 3064 so
1117 3013 1150 3068 ab
1176 3015 1228 3080 his,

220 3114 265 3180 qui
283 3109 407 3178 polluunt
430 3121 505 3154 annm
528 3105 620 3171 corpus
637 3119 684 3169 per
700 3101 810 3155 abusum
827 3099 985 3152 sacramenti
1001 3115 1028 3155 et
1045 3099 1200 3153 Minaeum*
1236 3111 1240 3119 ’

289 3195 389 3247 Ferunt
405 3205 431 3244 et
449 3184 508 3240 divo
524 3189 649 3266 Antonio
672 3190 794 3242 visionem
811 3187 927 3238 oblatam
943 3205 1012 3247 esse,
1036 3187 1064 3236 in
1089 3203 1141 3252 qua
1158 3188 1228 3242 vidie
1320 3177 1321 3230 i

137 3272 140 3279 ¹
169 3287 171 3294 ’
219 3261 314 3358 passim
333 3299 384 3351 ,per
410 3287 493 3334 totum
516 3275 607 3328 orbem
632 3292 722 3344 porcos
747 3287 814 3326 stare
839 3274 872 3326 ad
889 3291 944 3326 aras
961 3271 988 3324 et
1004 3283 1114 3326 tractare
1131 3271 1238 3327 Sacra-,¹

155 3358 160 3372 ’
218 3383 345 3422 mentum·
378 3365 448 3418 Haec
462 3363 557 3434 specics
574 3362 722 3431 significavit
738 3362 815 3412 etiam
832 3359 937 3422 abusus,
963 3359 1008 3426 qui
1033 3371 1091 3427 post
1107 3361 1160 3425 ejus
1178 3377 1238 3412 aen·

218 3469 298 3512 tatem
321 3455 348 3504 in
370 3448 529 3501 Ecclesiam'
536 3464 622 3519 postea
649 3459 823 3532 pervaserunt.
857 3445 893 3498 Et
917 3446 1020 3498 videtur
1052 3446 1226 3516 prophanatio
1319 3485 1320 3496 ι

218 3537 384 3614 (profanatio)
396 3535 525 3589 duratura
542 3553 607 3598 csse,
625 3536 711 3600 eisque
728 3533 761 3586 ad
778 3525 854 3584 finem
871 3531 968 3594 mnndi,
986 3546 1015 3584 ut
1031 3530 1161 3584 Daniel'
1139 3535 1227 3598 signi-

218 3634 290 3690 ficat,
308 3625 407 3680 etiamsi
432 3623 518 3689 aliqua
542 3624 576 3680 cis
602 3619 676 3694 pfrte
700 3621 772 3688 prius
796 3607 961 3674 mualabitnr.
996 3609 1124 3671 Christus
1138 3619 1225 3681 faciat,

218 3730 250 3770 nt
267 3711 353 3768 etium
362 3704 469 3764 feliciter
487 3705 649 3761 emendetur!
802 3713 804 3720 “

286 3800 323 3851 Ac
350 3797 381 3848 de
404 3797 480 3848 Missa
506 3797 557 3846 alio
587 3795 644 3844 loco
675 3791 835 3860 disputatum
863 3807 911 3845 cst.
946 3791 1042 3861 llcj'tclo
1069 3791 1226 3859 opinionem,

218 3904 284 3956 quae
302 3886 435 3956 praecipue
452 3883 525 3931 illam
542 3881 666 3931 infinitam
687 3880 912 3956 prophanationem
938 3877 1158 3948 (profanationem)
1174 3897 1225 3946 pe-

217 3975 294 4042 perit⁴
328 3973 468 4022 Finxerunt
491 3969 559 4018 enim
583 3965 739 4018 oblationem
755 3967 782 4016 in
800 3967 875 4016 Mlssa
893 3965 1043 4016 sacrificium
1059 3974 1126 4042 esse,
1150 3965 1225 4030 quod

119 4083 121 4091 ·
211 4057 377 4128 ,applicatum
407 4073 453 4124 pro
477 4053 550 4115 aliis,
578 4052 640 4103 vivis
665 4067 692 4106 et
714 4053 823 4104 mortuis
847 4060 975 4104 mereatur
1001 4051 1035 4100 'eis
1059 4051 1224 4104 remisionem

218 4141 316 4211 eulpae
331 4155 358 4196 et
380 4131 493 4212 ¹poenas,
518 4151 544 4195 st
569 4135 675 4212 quidem
698 4155 730 4194 ss
763 4155 841 4210 opere
871 4135 1141 4216 operato31shoquc
1172 4137 1225 4189 laos
