2724 4586
208 283 569 348 nacorreosns
609 267 974 368 rano‘toeicrir.
1037 281 1125 344 ne]

83 447 260 516 fructibus
276 433 376 522 facile
399 461 578 536 appareat,
607 453 643 514 in
667 471 813 535 quonam
832 451 993 518 cordibus
1017 475 1099 528 vera

81 553 172 620 fides
198 557 250 618 sit.
303 549 358 617 De
386 552 445 616 tuli
466 551 534 617 fide
557 553 601 617 ad
626 552 735 631 Galat.
759 550 807 622 V«
844 555 1098 636 ‘Paulus-scri-

82 647 158 722 bit:
186 657 227 723 ln
250 654 388 720 Christo
409 654 491 720 Jesu
511 677 620 744 neque
649 651 865 724 circumcisio
889 659 1015 748 aliquid
1027 665 1104 730 ‘vas

82 761 132 826 let
119 771 295 851 t,neque
305 763 548 847 praeputium,
564 761 624 825 sed
644 759 738 848 fides,
761 783 844 848 quae
866 784 928 852 per
950 763 1102 840 eharita-

84 877 158 930 tem
190 863 312 930 efficax
344 873 402 928 cst
466 857 586 928 Fidem
616 865 699 929 dicit
733 873 769 930 in
799 865 937 934 Christo
973 871 1097 954 valere,
1130 882 1132 892 '

86 970 214 1053 demde
236 989 314 1034 ·eam
335 965 440 1031 fidem
463 967 627 1052 ejusmodi
649 991 735 1050 esse,
767 989 853 1056 quae
875 993 994 1062 seper
1017 976 1098 1042 cha

83 1075 223 1138 ritatem
255 1071 409 1136 effundat
434 1072 470 1134 in
490 1091 571 1135 usus
601 1076 757 1158 proximi
810 1073 856 1141 Et
885 1083 1016 1162 egregie
1038 1079 1099 1144 Jo-
1108 1067 1121 1111 *¹

84 1175 219 1242 hannes
241 1175 264 1240 l.
290 1173 434 1240 Johann.
457 1171 518 1240 IV.
572 1172 696 1268 Omnis
726 1182 784 1262 qui
816 1177 926 1264 diligit
956 1177 1099 1247 fratrem

85 1297 189 1346 suum
222 1302 266 1346 ex
295 1277 371 1344 Deo
390 1289 502 1342 xnatus
530 1289 581 1343 est
610 1289 643 1344 et
665 1287 840 1366 cognoscit
863 1277 987 1348 Deum.
1031 1283 1099 1364 Qui

86 1409 160 1452 nou
184 1385 309 1472 diligit,
337 1393 408 1448 nori
440 1388 533 1450 novit
557 1380 689 1464 Deum,
719 1381 927 1470 quodDeus
951 1386 1097 1480 charitas
1287 1360 1292 1377 ⁵

86 1496 139 1554 sit.
194 1487 307 1572 ΕιΠ.
338 1483 486 1556 Petril
536 1485 833 1578 subministrate
823 1511 859 1552 in
888 1487 955 1555 fide
986 1503 1099 1558 vestra
1171 1553 1174 1562 ,

85 1614 139 1660 vn
143 1600 265 1672 tutem
288 1597 323 1656 in
343 1597 467 1662 virtute
489 1610 571 1656 vero
594 1594 813 1671 scientiam,'
804 1615 841 1658 ιιι
857 1599 1001 1660 scientia
1015 1579 1116 1705 vero

88 1675 367 1800 temperantiam,
387 1699 424 1760 in
444 1689 668 1778 temperantia
687 1713 769 1759 vero
789 1701 1082 1783 patientiam,rur

89 1825 146 1866 sus
168 1807 204 1866 in
226 1791 385 1886 patientia
410 1803 589 1886 pietatem,
616 1804 653 1862 in
681 1803 803 1904 pietate
836 1811 947 1865 autem
976 1802 1099 1868 frater

87 1927 170 1971 nam
203 1903 422 1983 charitatem,
454 1907 491 1965 in
504 1919 506 1924 ·
519 1899 671 1966 fraterna
699 1921 781 1968 vero
812 1901 980 1970 ‘charitate
1014 1906 1099 1970 dile-
1126 1965 1131 1983 ,
1174 1955 1178 1965 f

89 2013 249 2074 ctionemL
270 2053 273 2058 ,
293 2003 389 2071 Haec
421 2011 511 2069 enim
542 2010 571 2068 si
603 2003 773 2068 adfuerint
803 2005 920 2088 nobis,
943 2006 1100 2091 efficient,
1160 2007 1168 2070 ¹,

86 2123 125 2177 ut
139 2107 191 2177 vne
215 2117 257 2176 sit
278 2115 322 2174 in·
343 2107 507 2195 frugifera
538 2113 684 2194 cognitio
713 2105 854 2174 Domini
879 2119 987 2182 nostri
1017 2113 1098 2177 Jesu
1193 2119 1196 2124 '

88 2213 227 2280 Christi.
272 2213 349 2293 Qua
369 2213 568 2299 gradatione
590 2207 709 2276 Petrus
738 2212 834 2294 fidei,
864 2199 1098 2297 velut'radici,

87 2319 338 2406 pulcherrimos
360 2337 476 2380 ramos
499 2307 644 2400 reliquas
666 2321 806 2381 virtutes
837 2321 969 2397 inserit,
998 2331 1036 2383 ut
1050 2319 1099 2384 'fi-
1123 2327 1126 2334 “
1155 2322 1158 2333 ’
1252 2355 1256 2362 -

89 2425 169 2488 dem
190 2427 316 2502 virtus,
338 2422 374 2485 id
397 2430 461 2499 est,
484 2419 600 2484 fervor
621 2429 654 2481 et
673 2423 819 2508 impetus
843 2421 1098 2504 mortificandae
1206 2471 1211 2476 „

88 2531 202 2616 carnis
224 2531 415 2590 comitetur.
459 2516 527 2587 Sed
551 2541 629 2586 eum
650 2519 821 2590 fervorem
842 2537 938 2610 regat
959 2532 1098 2593 scientia
1209 2605 1216 2611 ¹

87 2643 125 2695 ut
139 2633 414 2724 'suumquoque
443 2645 588 2714 pensum
617 2633 756 2712 corpori
785 2640 1004 2716 praestetur*
1047 2629 1098 2696 Sit
1128 2639 1129 2642 ’

87 2735 201 2818 aliqua
222 2737 327 2813 ratio,
349 2753 416 2817 qua
438 2729 628 2794 domitum
656 2744 781 2816 corpus
810 2737 934 2797 serviat
964 2739 1098 2820 spiritui
1164 2767 1168 2774 ·

88 2833 320 2921 ἔυπροσέὸρως,
342 2846 379 2898 nt
400 2833 550 2904 Paulino
564 2820 680 2902 verbo*¹
699 2844 853 2915 utamur,
884 2851 953 2902 non
983 2843 1100 2903 interi·

88 2947 215 3006 matur.
265 2939 582 3005 Rursum'eatenns
610 2937 778 3022 'serviatur
799 2945 993 3004 necessitati
1019 2963 1099 3006 core

86 3045 203 3132 poris,
223 3045 329 3108 utne
348 3043 512 3122 luxuriet,
533 3051 783 3127 uttemperans
806 3047 856 3108 sit.
900 3045 978 3108 dam
999 3067 1098 3132 prae·

87 3161 141 3214 ter
160 3133 433 3234 ‘temperantiam
472 3155 505 3208 et
535 3144 704 3210 malorum
739 3146 916 3213 tolerantia
944 3149 1096 3213 ac‘cedat.

89 3253 187 3334 Sunt
200 3258 290 3318 enim
312 3257 537 3338 temperantes
558 3247 730 3335 plerique,
754 3249 813 3318 sed
834 3249 954 3316 offensi
975 3251 1099 3340 impla⁴

89 3343 228 3421 cabiles.
273 3351 507 3418 Tolerantiam
531 3359 710 3417 comitetur
732 3357 854 3440 pietas,
876 3351 942 3420 hoe
968 3366 1032 3436 est,
1059 3367 1099 3421 ut

90 3443 236 3526 adversa
257 3481 328 3523 non
351 3457 455 3522 modo
480 3479 597 3520 coram
620 3452 823 3520 hominibus·
843 3456 977 3549 placide
1007 3460 1099 3526 fera·
1131 3451 1139 3542 ,¹

88 3587 188 3645 mus,
218 3562 278 3626 sed
307 3567 409 3625 etiam
442 3583 559 3624 coram
593 3559 682 3636 Dee,
715 3567 839 3646 gratias
872 3563 920 3626 illi
951 3571 1098 3650 agentes,

89 3673 148 3755 qui
170 3689 234 3732 nos
256 3665 452 3745 mortificet,
465 3725 468 3735 ,
482 3663 565 3728 nihil
594 3665 807 3749 indignantes
835 3664 1001 3730 voluntati
1022 3663 1097 3748 Dei,
1174 3677 1180 3698 '
1214 3689 1217 3696 ¹

90 3778 182 3837 sicut
210 3769 417 3850 fremebant,
450 3759 611 3834 adterere
642 3767 852 3833 voluntatem
873 3766 939 3834 Dei
960 3767 1100 3834 israeli<
1194 3765 1208 3792 '

88 3886 162 3954 tae,
185 3880 242 3960 qui
262 3879 297 3938 in
320 3874 452 3940 deserto
474 3877 615 3962 periere.
643 3869 752 3938 Pietas
776 3867 895 3938 efficiat
911 3871 1100 3938 fraternam
1203 3946 1211 3954 ,

93 3977 309 4059 chamaam,
330 3973 399 4042 hoc
421 3989 489 4059 est,
511 3987 549 4066 ut
570 3977 653 4042 de''
631 4001 670 4042 ns
687 3981 768 4064 ipsis
784 3965 870 4047 bede
892 3996 1131 4070 mereamur,
1190 4001 1194 4005 ·

91 4087 150 4168 qui
177 4103 240 4146 nos
268 4093 531 4170 persequuntur,
562 4092 600 4144 ut
626 4086 782 4156 inimicos
811 4079 980 4146 beneficiis
1010 4086 1100 4148 invi
1184 4130 1186 4138 s
1242 4101 1247 4109 ’

91 4197 213 4253 temus.
254 4184 425 4272 Demuta,
452 4180 491 4252 ut
513 4185 551 4251 id
579 4205 623 4251 ex
640 4189 775 4251 sincero
790 4193 932 4271 pectore
944 4185 1157 4273 proficis--¹

669 4287 798 4372 31-1,
