2664 4592
283 225 288 264 i

355 300 842 351 ιιιιιιιιιιοιιιιιιι.
939 301 942 308 ·
1043 259 1165 378 ar7'⁸

87 456 146 506 tirlt‘
169 454 197 505 s'e
221 455 322 524 agnosci
341 462 377 506 ‘et
397 451 525 508 invocari.
559 457 621 507 Ideo
648 459 706 508 vult
720 475 783 526 ,esse
809 459 926 525 publicos
944 473 970 510 et
989 462 1106 514 honestos
1192 470 1194 475 ’

85 559 251 608 congressus,
269 553 296 591 et
314 545 346 592 in
357 541 397 592 his
415 543 499 592 sonari
517 541 651 612 Evangelii
670 561 765 607 vocem,
783 545 840 594 vult
855 563 882 594 se
898 544 959 596 ibi·
952 551 1063 600 ruvocari
1082 527 1121 600 a,

85 628 227 689 celebrari,
249 629 310 678 vult
338 630 413 678 etiam
440 628 519 678 hos
512 647 580 694 rpsos
608 647 755 713 congressus
774 642 849 681 testes
867 649 920 684 esse
942 631 1106 702 sejunctionis
1146 647 1148 653 '

85 713 215 764 Ecclesiae
233 713 282 763 Dei
301 715 333 763 ab
353 713 466 782 aliarunn
484 717 597 784 gentium
613 719 702 796 sectis,
730 719 873 768 fictionibus
891 729 917 768 et
935 711 1106 788 opinionihus·

87 799 217 852 Convenit
235 799 359 850 Iohannes
378 800 473 868 Ephesi
492 818 551 850 ctam
570 819 616 851 suo
635 814 708 852 coetu
731 815 756 852 et
774 803 850 853 <locet
868 779 905 854 Et
909 809 1051 873 angelium,
1079 819 1105 858 et

87 903 135 936 usu
162 887 319 936 sacramenti
341 898 409 936 totus
429 899 514 937 coetus
541 881 668 950 ostendit,
688 907 714 939 se
731 891 796 941 hane
815 891 960 942 docuinam
977 895 1124 960 amplecti„

82 985 113 1038 et
131 972 202 1038 hunc
219 973 327 1022 Deum'
321 990 455 1034 rovocare,
473 975 518 1038 qni
539 973 705 1041 Evangelium
726 976 848 1036 tradidit,
876 987 901 1026 et
918 979 1074 1044 sejunctum
1077 997 1104 1030 se
1128 999 1138 1042 ,¹

50 1095 57 1110 ,
84 1077 140 1108 esse
160 1077 175 1109 a
193 1059 305 1121 Dianae,
335 1061 402 1110 lovis
430 1071 455 1108 et
482 1061 591 1110 aliorum
621 1062 750 1112 idolorum
768 1063 919 1113 cultoribus
953 1059 1016 1115 Vult
1035 1057 1114 1116 enirn

83 1143 155 1198 Deus
182 1146 293 1212 conspici
320 1157 346 1195 et
374 1144 456 1195 audiri
481 1165 553 1196 suam
576 1145 716 1196 Ecclesiam
736 1150 762 1196 iu
786 1150 903 1216 inundo,
931 1162 956 1199 et
981 1151 1037 1198 vult
1060 1168 1105 1201 se-

10 1219 14 1224 *
84 1233 197 1297 junctam
220 1250 273 1282 esse
301 1229 388 1284 multis
413 1233 523 1298 publicis
542 1235 608 1282 notis
626 1217 763 1300 areliquis
780 1235 906 1301 gentibus.
941 1235 986 1286 Sic
1004 1235 1103 1286 babue-

84 1329 146 1368 runt
165 1334 223 1368 suos
242 1330 327 1369 coetos
346 1313 443 1381 Adam,
470 1313 546 1381 Seth,
572 1319 678 1382 Enoch,
696 1325 765 1382 Noa,
796 1320 871 1380 Sem,
895 1319 1034 1372 Abraham.
1067 1319 1103 1371 Et

86 1403 206 1468 deinceps
226 1401 317 1484 politia
334 1405 412 1455 lsrael
432 1403 521 1480 habuit
538 1406 633 1456 multos
651 1409 729 1470 ritus,
758 1417 787 1456 ιιι
804 1407 921 1474 sejtmctis
939 1405 985 1456 illa
1005 1425 1019 1458 a
1037 1413 1102 1474 gen-

85 1489 154 1540 tihus
176 1501 241 1540 esset
266 1493 432 1558 conspectior·

156 1577 306 1642 Quanquam
325 1577 410 1628 auiam
427 1577 552 1630 Diabolus
569 1597 669 1646 semper
687 1573 789 1630 conatus
809 1591 860 1642 est,
881 1591 907 1628 et
926 1563 1033 1648 curratur
1054 1575 1110 1638 tle·-¹

85 1663 140 1714 lere
167 1664 337 1714 ministeriurb
360 1663 493 1731 Evangelii
520 1670 547 1715 'et
573 1665 694 1732 dissipare
720 1667 766 1716 hos
784 1646 884 1729 coetus,
911 1678 936 1714 et
954 1681 1101 1732 congressus

84 1749 216 1799 Ecclesiae
236 1766 283 1814 per
301 1761 420 1818 tyrannos
437 1762 464 1800 et
480 1749 627 1814 haereticos,
654 1765 738 1803 tamen
756 1753 825 1801 Deus
842 1769 887 1801 sua
904 1752 1025 1801 immensa
1047 1752 1101 1800 mi-

84 1836 229 1896 sericordia
258 1841 358 1901 se'mper
385 1837 510 1904 servavit,
537 1845 564 1887 et
587 1833 696 1888 subinde
721 1839 846 1900 restituit,
876 1849 901 1886 et
933 1836 1102 1887 ministerium
1159 1834 1163 1844 ¹
1209 1837 1216 1844 ’

84 1923 229 1990 Evangelii,
250 1933 275 1972 et
291 1923 407 1988 publicos
421 1922 549 1974 Ecclesiae
565 1909 722 1992 congressus.
758 1923 827 1991 Quid
849 1935 916 1972 nunc
937 1933 1006 1970 arma
1031 1921 1101 1977 Tur·
1145 1963 1148 1968 .

84 2012 144 2063 cicc
171 2009 242 2058 aliud
268 2009 424 2072 moliuntur,
452 2011 502 2068 nisi
527 2021 556 2060 ιιι
580 2009 683 2060 deleant
702 2027 791 2062 vocem
810 2009 958 2076 Evangelii,
978 2003 1101 2084 dissipant

83 2113 236 2164 congressus
260 2096 385 2146 Ecclesiae
403 2093 473 2145 Dei?
917 2105 927 2136 Ι

156 2182 192 2232 At
207 2183 277 2234 Deus
295 2193 451 2232 servaturam
469 2199 496 2233 se
514 2181 654 2232 Ecclesiam
670 2199 740 2232 suam
753 2184 889 2260 promisit,
910 2193 936 2232 et
952 2177 1099 2249 servabii*)i
1145 2185 1148 2194 '

85 2263 177 2322 Acin
176 2271 238 2341 ipsa
256 2267 343 2318 Coena
361 2249 466 2318 Domini
484 2271 579 2318 inclusa
600 2281 637 2319 est
657 2268 718 2318 baec
735 2269 884 2335 promissio,
903 2287 967 2334 quae
985 2269 1099 2327 affirmat,

83 2375 138 2408 uon
156 2357 315 2406 interituram
336 2373 388 2404 esse
406 2355 546 2411 Ecclesiam
565 2356 640 2408 Dei
632 2374 660 2405 ιιι
673 2355 722 2406 hoc
740 2353 846 2404 mundo
882 2355 956 2406 iubet
969 2356 1038 2403 enim
1050 2368 1099 2402 auu

83 2443 199 2495 nuntiari
217 2453 327 2491 mortem
347 2442 468 2504 Domini,
487 2455 512 2491 et
532 2441 596 2492 banc
613 2441 727 2492 Coenam
745 2439 879 2503 distribui,
897 2439 978 2490 tlonec
994 2439 1100 2490 venerit.
1149 2485 1153 2497 ,
1178 2435 1180 2440 ’

84 2529 156 2579 Haec
179 2528 318 2578 consolatio
341 2529 390 2596 piis
419 2540 489 2596 grata
513 2546 565 2578 esse
591 2527 677 2578 dehet
729 2525 763 2575 Et
793 2529 928 2577 retinentes
961 2529 1122 2594 puritatem!

85 2609 236 2680 Evangelii,
257 2626 281 2664 et
301 2617 372 2680 pium
390 2631 464 2664 usum
481 2613 718 2676 sacramentorum,
737 2614 805 2662 hauri
824 2612 901 2662 dublc
922 2609 1099 2662 delenduntur.

146 2699 224 2749 llaec
241 2703 364 2766 praefatus
381 2715 451 2764 sum,
471 2712 500 2750 ut
516 2702 654 2786 cogitemus
673 2699 705 2749 de
726 2703 818 2748 caussis
846 2689 972 2749 institutae
998 2697 1099 2746 Cosuae
1156 2757 1159 2764 r

84 2787 208 2846 Domini,
232 2801 294 2849 quae
319 2799 344 2836 et
369 2790 424 2854 ipsa
454 2777 625 2838 testimonium
652 2797 689 2834 est
713 2787 809 2854 insigne
836 2785 1006 2852 patefactionis
1038 2780 1098 2834 Deis
1159 2821 1162 2826 «

84 2872 149 2923 Non
175 2871 249 2922 aliter
276 2863 348 2922 audis
376 2873 454 2925 rerba
479 2872 552 2938 hujus
573 2871 688 2938 Coenae,
712 2889 789 2940 quam
814 2875 848 2921 si
859 2875 940 2938 ipsum
952 2859 1100 2959 ⁸Christum,

84 2989 291 3046 ...ᾳ-...-
1084 3055 1098 3078 a

120 3131 227 3204 'Jllaec
239 3131 307 3182 'dunt
322 3129 447 3184 scriberet
464 3127 646 3184 Melanchtbou
665 3130 700 3200 (a.
719 3129 809 3199 2545),
826 3132 925 3190 'furcae
942 3132 1099 3198 Hungariarn

158 3219 311 3272 devastantes
332 3221 415 3289 legem
430 3223 601 3272 'lslamiticam
620 3222 749 3272 universae
766 3218 885 3284 Europae
905 3218 1000 3268 inferre
1019 3230 1099 3268 cona*
1118 3207 1121 3212 ⁴

154 3307 260 3372 bantur.
296 3306 348 3368 Eo,
376 3323 427 3372 quo
447 3307 507 3358 baec
525 3307 673 3370 scribinma,
699 3323 764 3356 auno
787 3303 849 3353 1821
872 3305 970 3353 inloto
989 3304 1099 3370 imperio·

156 3393 294 3443 Osnrauico
313 3393 409 3458 templa
428 3393 652 3455 Christicolarum,
671 3393 781 3442 inaudita
800 3391 853 3451 fere
873 3392 973 3442 saevitia
990 3401 1016 3440 et
1036 3392 1099 3440 har-

73 3473 82 3499 ''
156 3479 239 3539 barie,
269 3479 388 3540 diruunt,
408 3479 571 3532 ecclesiarum
589 3482 717 3532 thesauros
738 3477 922 3546 depraedantur
932 3506 939 3542 ι
957 3493 1013 3528 rasa
1029 3483 1102 3525 sacra*

156 3565 236 3614 ιιιοοὶ
253 3577 311 3614 cum
330 3567 502 3630 profanatione
522 3568 631 3634 rapiunt,
649 3563 790 3616 sacerdotes
810 3564 944 3621 truciilant,
963 3566 1105 3630 ipsumque·
1180 3598 1184 3608 1
1222 3557 1224 3564 ’

155 3661 232 3716 caput
257 3651 375 3700 ecclesiae
402 3649 557 3714 Orientalis,
572 3681 574 3686 ·
589 3651 759 3703 l’atriarcbatu
792 3647 1105 3716 constantinopolitanum

156 3735 224 3786 inter
243 3737 384 3803 ipsa‘sacra
404 3737 535 3790 Paschaiis
555 3743 580 3789 in
601 3739 690 3790 limine
716 3739 835 3788 ecclesiae
861 3735 1014 3788 cathedralis
1039 3737 1104 3783 tur-'¹
1160 3739 1161 3745 ’

157 3823 224 3892 pitcr
255 3825 421 3890 arrapendunt,
457 3824 481 3875 Ο
509 3826 639 3893 tempora!
675 3843 690 3875 o
715 3825 814 3875 mores!
841 3824 945 3879 ‘Preces
971 3819 1100 3890 publicat

157 3921 254 3964 contra
280 3913 381 3966 Tarsus
403 3930 418 3962 a
441 3909 578 3986 majoribus
602 3913 697 3965 nostris
720 3914 844 3962 institutae
869 3911 920 3977 jam
950 3905 1079 3958 dudum'
1072 3924 1099 3956 ιιι

157 3998 268 4046 ecclesiis
286 4000 377 4048 uostris
396 4003 454 4049 suhi
471 3995 622 4066 abrogatae,
638 4017 683 4056 uec
700 3997 847 4060 defuerunt,
864 3997 910 4063 qui
927 3995 976 4046 sibi
996 4004 1021 4042 ct
1037 4009 1099 4043 aevo

157 4080 192 4130 ob
210 4081 274 4132 hanc
291 4082 483 4150 abrogationem
502 4084 703 4156 grautlarentnr!
731 4083 804 4135 Faxit
821 4083 892 4134 Deus
897 4117 905 4149 ,
923 4091 952 4135 ut
970 4065 1100 4148 uunquam

156 4169 410 4239 sintrcstitttettdael
495 4219 498 4229 ,
541 4205 546 4212 -
585 4225 588 4228 ,
615 4181 618 4189 “
646 4199 649 4206 .
839 4197 841 4204 ν
884 4189 891 4204 ·
990 4183 1002 4209 ι·
1078 4149 1124 4197 ’Ἰ

723 4269 794 4346 Pa
